%% This BibTeX bibliography file was created using BibDesk.
%% http://bibdesk.sourceforge.net/


%% Created for Samuel Factor at 2015-11-05 21:02:30 -0600 


%% Saved with string encoding Unicode (UTF-8) 



@article{convF,
	Author = {Roberts, G. O. and Gelman, A. and Gilks, W. R.},
	Date-Added = {2015-11-06 02:56:18 +0000},
	Date-Modified = {2015-11-06 02:56:18 +0000},
	Doi = {10.1214/aoap/1034625254},
	Fjournal = {The Annals of Applied Probability},
	Journal = {Ann. Appl. Probab.},
	Month = {02},
	Number = {1},
	Pages = {110--120},
	Publisher = {The Institute of Mathematical Statistics},
	Title = {Weak convergence and optimal scaling of random walk Metropolis algorithms},
	Url = {http://dx.doi.org/10.1214/aoap/1034625254},
	Volume = {7},
	Year = {1997},
	Bdsk-File-1 = {YnBsaXN0MDDUAQIDBAUGJCVYJHZlcnNpb25YJG9iamVjdHNZJGFyY2hpdmVyVCR0b3ASAAGGoKgHCBMUFRYaIVUkbnVsbNMJCgsMDxJXTlMua2V5c1pOUy5vYmplY3RzViRjbGFzc6INDoACgAOiEBGABIAFgAdccmVsYXRpdmVQYXRoWWFsaWFzRGF0YV8QNC4uLy4uLy4uL0NvbGxlZ2UvQXN0cm9SZXNlYXJjaC9QYXBlcnMvMTAzNDYyNTI1NC5wZGbSFwsYGVdOUy5kYXRhTxEB2AAAAAAB2AACAAAMTWFjaW50b3NoIEhEAAAAAAAAAAAAAAAAAAAAy2prkUgrAAAX2ZehDjEwMzQ2MjUyNTQucGRmAAAAAAAAAAAAAAAAAAAAAAAAAAAAAAAAAAAAAAAAAAAAAAAAAAAAAAAAAAAAAAAAABlZotzRbmv1UERGIENBUk8AAwAEAAAJIAAAAAAAAAAAAAAAAAAAAAZQYXBlcnMAEAAIAADLar/xAAAAEQAIAADRbrJFAAAAAQAcF9mXoRZFO1kAGemgGjf2mwAHst8AB7LeAAc0LgACAF5NYWNpbnRvc2ggSEQ6VXNlcnM6AHNmYWN0b3I6AERvY3VtZW50czoAc2Nob29sOgBDb2xsZWdlOgBBc3Ryb1Jlc2VhcmNoOgBQYXBlcnM6ADEwMzQ2MjUyNTQucGRmAA4AHgAOADEAMAAzADQANgAyADUAMgA1ADQALgBwAGQAZgAPABoADABNAGEAYwBpAG4AdABvAHMAaAAgAEgARAASAEpVc2Vycy9zZmFjdG9yL0RvY3VtZW50cy9zY2hvb2wvQ29sbGVnZS9Bc3Ryb1Jlc2VhcmNoL1BhcGVycy8xMDM0NjI1MjU0LnBkZgATAAEvAAAVAAIADv//AACABtIbHB0eWiRjbGFzc25hbWVYJGNsYXNzZXNdTlNNdXRhYmxlRGF0YaMdHyBWTlNEYXRhWE5TT2JqZWN00hscIiNcTlNEaWN0aW9uYXJ5oiIgXxAPTlNLZXllZEFyY2hpdmVy0SYnVHJvb3SAAQAIABEAGgAjAC0AMgA3AEAARgBNAFUAYABnAGoAbABuAHEAcwB1AHcAhACOAMUAygDSAq4CsAK1AsACyQLXAtsC4gLrAvAC/QMAAxIDFQMaAAAAAAAAAgEAAAAAAAAAKAAAAAAAAAAAAAAAAAAAAxw=},
	Bdsk-Url-1 = {http://dx.doi.org/10.1214/aoap/1034625254}}

@book{baye,
	Author = {Gelman, Andrew and Carlin, John B and Stern, Hal S and Rubin, Donald B},
	Date-Added = {2015-11-06 02:56:07 +0000},
	Date-Modified = {2015-11-06 02:56:07 +0000},
	Publisher = {Chapman \&amp; Hall/CRC},
	Title = {Bayesian data analysis},
	Volume = {2},
	Year = {2014},
	Bdsk-File-1 = {YnBsaXN0MDDUAQIDBAUGJCVYJHZlcnNpb25YJG9iamVjdHNZJGFyY2hpdmVyVCR0b3ASAAGGoKgHCBMUFRYaIVUkbnVsbNMJCgsMDxJXTlMua2V5c1pOUy5vYmplY3RzViRjbGFzc6INDoACgAOiEBGABIAFgAdccmVsYXRpdmVQYXRoWWFsaWFzRGF0YV8QMy4uLy4uLy4uL0NvbGxlZ2UvQXN0cm9SZXNlYXJjaC9QYXBlcnMvMTEzMzAyMjU4LnBkZtIXCxgZV05TLmRhdGFPEQHWAAAAAAHWAAIAAAxNYWNpbnRvc2ggSEQAAAAAAAAAAAAAAAAAAADLamuRSCsAABfZl6ENMTEzMzAyMjU4LnBkZgAAAAAAAAAAAAAAAAAAAAAAAAAAAAAAAAAAAAAAAAAAAAAAAAAAAAAAAAAAAAAAAAAAGVu1mNFvmFdQREYgQ0FSTwADAAQAAAkgAAAAAAAAAAAAAAAAAAAABlBhcGVycwAQAAgAAMtqv/EAAAARAAgAANFv3qcAAAABABwX2ZehFkU7WQAZ6aAaN/abAAey3wAHst4ABzQuAAIAXU1hY2ludG9zaCBIRDpVc2VyczoAc2ZhY3RvcjoARG9jdW1lbnRzOgBzY2hvb2w6AENvbGxlZ2U6AEFzdHJvUmVzZWFyY2g6AFBhcGVyczoAMTEzMzAyMjU4LnBkZgAADgAcAA0AMQAxADMAMwAwADIAMgA1ADgALgBwAGQAZgAPABoADABNAGEAYwBpAG4AdABvAHMAaAAgAEgARAASAElVc2Vycy9zZmFjdG9yL0RvY3VtZW50cy9zY2hvb2wvQ29sbGVnZS9Bc3Ryb1Jlc2VhcmNoL1BhcGVycy8xMTMzMDIyNTgucGRmAAATAAEvAAAVAAIADv//AACABtIbHB0eWiRjbGFzc25hbWVYJGNsYXNzZXNdTlNNdXRhYmxlRGF0YaMdHyBWTlNEYXRhWE5TT2JqZWN00hscIiNcTlNEaWN0aW9uYXJ5oiIgXxAPTlNLZXllZEFyY2hpdmVy0SYnVHJvb3SAAQAIABEAGgAjAC0AMgA3AEAARgBNAFUAYABnAGoAbABuAHEAcwB1AHcAhACOAMQAyQDRAqsCrQKyAr0CxgLUAtgC3wLoAu0C+gL9Aw8DEgMXAAAAAAAAAgEAAAAAAAAAKAAAAAAAAAAAAAAAAAAAAxk=}}

@article{ford,
	Adsnote = {Provided by the SAO/NASA Astrophysics Data System},
	Adsurl = {http://adsabs.harvard.edu/abs/2005AJ....129.1706F},
	Author = {{Ford}, E.~B.},
	Date-Added = {2015-11-06 02:55:05 +0000},
	Date-Modified = {2015-11-06 02:55:20 +0000},
	Doi = {10.1086/427962},
	Eprint = {astro-ph/0305441},
	Journal = {\aj},
	Keywords = {Methods: Statistical, planetary systems: general, Techniques: Radial Velocities},
	Month = mar,
	Pages = {1706-1717},
	Title = {{Quantifying the Uncertainty in the Orbits of Extrasolar Planets}},
	Volume = 129,
	Year = 2005,
	Bdsk-Url-1 = {http://dx.doi.org/10.1086/427962}}

@article{e,
	Adsnote = {Provided by the SAO/NASA Astrophysics Data System},
	Adsurl = {http://adsabs.harvard.edu/abs/2011MNRAS.418.1822W},
	Archiveprefix = {arXiv},
	Author = {{Wang}, J. and {Ford}, E.~B.},
	Date-Added = {2015-11-06 02:53:19 +0000},
	Date-Modified = {2015-11-06 02:55:15 +0000},
	Doi = {10.1111/j.1365-2966.2011.19600.x},
	Eprint = {1108.1811},
	Journal = {\mnras},
	Keywords = {methods: statistical, techniques: radial velocities, planets and satellites: fundamental parameters, planet-star interactions},
	Month = dec,
	Pages = {1822-1833},
	Primaryclass = {astro-ph.EP},
	Title = {{On the eccentricity distribution of short-period single-planet systems}},
	Volume = 418,
	Year = 2011,
	Bdsk-Url-1 = {http://dx.doi.org/10.1111/j.1365-2966.2011.19600.x}}
